../../../Dropbox/Workbench/PhD/documentation/bibtex/library.bib